4592 5834
2288 650 2744 728 4-4-

914 860 982 928 ἷιι
1035 862 1257 947 quihus
1308 862 1459 924 vitia
1519 859 1933 943 deprehendas
1956 903 1975 940 ,
2022 859 2124 923 vel
2186 882 2437 945 prorsus
2486 861 2792 951 neglecta,
2852 862 2954 927 vel
3004 865 3208 928 minus
3249 864 3501 930 feliciter
3560 874 3813 928 tentata.
3897 866 4088 930 Cuius

918 981 1153 1064 generis
1201 999 1340 1041 cum
1369 998 1480 1060 ego
1504 1022 1523 1057 ,
1568 977 1920 1058 praesertim
1958 978 2022 1037 in
2055 997 2126 1038 ea
2162 976 2555 1059 epistolarum
2596 992 2771 1061 parte
2791 1023 2809 1059 ,
2870 1001 3026 1063 quae
3069 983 3337 1064 primum
3400 984 3466 1043 in
3508 982 3771 1044 editione
3814 984 4089 1045 Romana

919 1092 1147 1176 prodiit
1168 1139 1188 1171 ,
1256 1091 1579 1153 nonnulla¹
1621 1095 1780 1168 inter
1836 1091 2160 1174 legendum
2219 1092 2774 1154 animadvertissem
2803 1136 2822 1173 ,
2867 1093 3035 1154 haud
3093 1097 3398 1178 ingratum
3441 1094 3783 1157 arbitrabar
3819 1072 3953 1158 'sore
3971 1141 3990 1175 ,
4037 1098 4088 1157 si

911 1208 1030 1270 hac
1084 1188 1386 1270 scribendi
1434 1200 1883 1290 opportunitate
1902 1251 1921 1286 ,
1965 1198 2273 1291 quomodo
2325 1186 2698 1271 emendanda
2759 1229 2831 1270 ea
2892 1196 3247 1271 viderentur
3266 1253 3286 1286 ,
3349 1210 3702 1272 indicarem.
3810 1212 3905 1273 Ac
3933 1230 4098 1294 quo-·

919 1325 1087 1384 niam
1129 1319 1398 1385 maculas
1457 1341 1790 1405 earumque
1826 1320 2234 1384 tollendarum
2298 1326 2560 1385 rationes
2617 1323 2696 1384 ad
2739 1333 2904 1384 certa
2960 1314 3259 1407 quaedam
3310 1347 3531 1409 genera
3575 1347 3860 1388 revocare
3905 1327 4046 1388 licet
4066 1373 4086 1407 ,

912 1459 1041 1498 non
1088 1458 1160 1499 eo
1191 1437 1370 1520 plane
1410 1437 1625 1499 ordine
1645 1481 1664 1517 ,
1708 1458 1832 1520 quo
1870 1436 2158 1519 epistolae
2184 1437 2349 1520 apud
2384 1439 2616 1501 Maium
2652 1437 2970 1520 leguntur,
3005 1437 3241 1522 singula
3269 1461 3595 1523 persequar
3618 1483 3636 1519 ,
3669 1441 3774 1502 sed
3802 1451 3871 1501 ut
3897 1462 4088 1522 quae.-

908 1574 1032 1635 quc
1070 1552 1518 1634 depravationis
1550 1549 1944 1631 similitudine
1980 1562 2231 1635 cognata
2272 1561 2416 1612 sunt
2439 1595 2458 1630 ,
2496 1552 2580 1612 ita
2607 1552 2911 1633 proferam
2942 1563 3001 1614 et
3023 1598 3040 1628 ‚
3085 1555 3138 1613 si
3181 1565 3414 1636 potero,
3466 1553 3717 1616 sanabo.
3762 1555 3836 1616 ln
3874 1556 4088 1637 quinta

912 1668 1099 1750 igitur
1139 1666 1389 1749 epistola
1427 1666 1598 1727 Libri
1635 1666 1747 1726 111.
1778 1665 1858 1727 ad
1898 1667 1991 1727 M.
2045 1666 2359 1731 Caesarem
2392 1666 2579 1748 (hinc
2603 1670 2765 1728 enim
2792 1668 3108 1748 exordiar)
3150 1669 3235 1730 ita
3276 1671 3567 1752 scriptum
3615 1680 3705 1730 est
3728 1692 3747 1731 ε
3836 1669 3933 1730 De
3969 1670 4085 1746 iis,

911 1803 1064 1865 quae
1102 1803 1218 1864 per
1255 1783 1479 1842 litteras
1518 1783 1909 1842 anubis-ximus
1948 1794 2081 1841 tuas
2126 1782 2378 1842 consuli>⁸
2399 1826 2417 1857 ,
2464 1784 2552 1841 ita
2596 1783 2877 1842 existimo
2898 1810 2918 1841 .-
2959 1786 3170 1844 omnia
3194 1805 3349 1867 quae
3375 1784 3466 1845 ad
3484 1805 3722 1845 causam
3748 1827 3767 1861 ,
3808 1805 3987 1868 quam
4027 1797 4089 1844 tu

902 1901 1100 1978 egeris
1137 1892 1408 1958 atln‘nent
1421 1890 1453 1970 ,’
1475 1899 1665 1982 plane
1694 1897 2071 1981 profer-unda
2092 1924 2110 1956 .-
2154 1917 2308 1980 quae
2347 1895 2437 1957 ad
2470 1908 2610 1975 tuas
2631 1898 2919 1980 proprias
2947 1897 3306 1978 adsem'ones
3333 1899 3603 1959 adtinet&
3617 1943 3636 1977 ,
3695 1899 3834 1957 licet
3853 1901 4010 1957 iusta
4034 1910 4094 1957 et

907 2025 1237 2095 provocata
1261 2012 1414 2089 sint,
1453 2026 1647 2072 tamen
1676 2010 1995 2072 reticenda.
2080 2006 2289 2071 Verba
2343 2022 2486 2073 sunt
2509 2012 2603 2071 Μ.
2656 2010 2891 2071 Aurelii
2928 2011 3007 2071 ad
3039 2015 3395 2095 magistrum
3419 2020 3424 2025 ’
3445 2032 3623 2075 snum
3668 2012 4041 2073 Frontonem
4062 2056 4084 2084 ‚

906 2126 1019 2207 qui
1069 2147 1209 2187 cnm
1245 2126 1548 2187 Herodem
1576 2171 1596 2204 ,
1641 2126 1912 2188 Caesaris
1948 2125 2302 2187 familiarem
2327 2170 2347 2204 ,
2386 2128 2712 2187 criminum
2751 2137 3139 2187 accusaturus
3178 2137 3365 2200 esset,
3405 2124 3660 2207 epistola
3700 2120 4089 2186 antecedente

871 2252 1295 2322 .percontatus
1351 2251 1483 2300 erat
1513 2285 1533 2319 ,
1574 2250 1869 2322 quatenus
1930 2260 2145 2300 causae
2196 2240 2334 2300 sibi·
2374 2241 2760 2311 serviendum
2818 2240 3201 2302 existimaret.
3282 2239 3558 2300 Offendit
3613 2242 3675 2298 in
3695 2224 3826 2332 'hia'
3887 2242 4090 2300 statim

904 2357 1207 2436 ⁴temporis
1258 2357 1412 2415 ratio
1435 2400 1455 2435 ,
1506 2332 1627 2437 ilua
1678 2355 1870 2435 egeris
1920 2356 2186 2436 positum
2231 2366 2342 2420 est.
2426 2356 2578 2415 Nam
2642 2376 2783 2417 cum
2843 2355 2922 2417 de
2961 2377 3142 2417 causa
3184 2374 3382 2417 sermo
3424 2356 3502 2416 sit
3521 2400 3538 2428 ,
3598 2374 3782 2437 quam
3854 2354 4087 2415 Fronto

908 2460 1188 2530 nondum
1231 2470 1391 2551 egit,
1430 2468 1535 2529 sed
1575 2468 1870 2551 agendam
1901 2471 2207 2550 suscepit‚'
2232 2464 2405 2529 nullo
2444 2469 2628 2529 modo
2659 2472 2743 2530 ita
2777 2469 2900 2530 dici
2945 2491 3119 2552 posse
3154 2480 3425 2552 apparet.
3505 2466 3682 2548 'Quae
3712 2490 3809 2530 res
3853 2472 3977 2531 iam
4025 2470 4087 2531 in

910 2604 1052 2643 carn
1105 2604 1204 2644 me
1246 2586 1590 2664 opinionem
1636 2582 2001 2663 adduxerat,
2046 2594 2114 2644 ut
2152 2584 2353 2649 locum
2380 2595 2733 2666 corruptum
2757 2588 3136 2667 suspicarer,
3180 2605 3318 2643 cum
3344 2629 3362 2658 ,
3409 2585 3692 2665 inspectis
3721 2585 3869 2644 Maii
3897 2604 4091 2644 anno-

910 2698 1247 2759 tationibus
1268 2742 1299 2785 ,b
1319 2696 1748 2779 intelligerem,
1791 2699 1869 2758 ab
1905 2698 2135 2761 editore
2162 2700 2559 2780 excogitatum
2593 2721 2720 2761 esse
2745 2745 2765 2780 ,
2809 2701 2869 2759 in
2895 2720 3018 2781 quo
3055 2698 3408 2760 haerebam.
3450 2696 3652 2759 Codex
3683 2699 3845 2758 enim
3882 2710 4090 2782 aperte

908 2816 1049 2876 cris‘
1086 2813 1315 2893 habet»,
1356 2812 1522 2895 quod
1583 2814 1690 2873 ubi
1752 2833 1894 2873 cum
1968 2812 2200 2895 syllaba
2250 2808 2668 2887 conium-aeris,
2730 2812 2895 2874 unde
2956 2816 3185 2879 misere
3237 2811 3520 2875 avulsum
3573 2824 3664 2874 est
3696 2855 3714 2891 ,
3763 2817 4088 2891 continuo,

908 2950 992 2989 ne
1020 2916 1218 2989 'ullius
1258 2914 1512 3009 'quidem
1547 2927 1780 2989 litterae
1829 2928 2164 2987 mutatione
2187 2916 2399 3006 ,⁶''loflo
2433 2929 2749 2990 sanitatem
2805 2927 3040 2988 reddes.
3127 2918 3526 2990 Scribendut'n
3559 2950 3576 2988 ε
3620 2948 3773 3009 quae
3816 2929 3911 2989 ad
3945 2950 4103 2995 cau-¹

910 3044 1082 3121 bam,
1124 3063 1309 3127 quam
1344 3043 1629 3116 εαενίσ,
1670 3041 1966 3102 adlabent-
2049 3030 2374 3124 sequitur,
2419 3043 2629 3122 paucis
2672 3032 2968 3103 versibus&
2992 3038 3361 3118 interiectis,
3404 3038 3468 3099 in
3513 3039 3725 3100 eadem
3776 3041 4082 3122 epistola}

908 3179 1030 3218 una
1071 3160 1223 3217 haec
1245 3148 1388 3218 cura
1417 3159 1688 3218 maxime
1712 3170 1946 3218 exercet
1965 3200 1985 3234 ,
2034 3156 2261 3240 nequid
2296 3168 2362 3215 tu
2398 3157 2520 3217 tale
2558 3155 2761 3234 dica-5,
2819 3154 2984 3240 quod
3021 3158 3135 3216 tuis
3197 3155 3458 3216 moribus
3497 3154 3809 3235 indignum
3837 3156 4078 3232 negocio

907 3273 1094 3332 ima’te
1149 3272 1649 3331 circumstantibus
1689 3270 2182 3353 repmehensibile
2218 3260 2510 3329 m'deatur'
2534 3291 2672 3336 esce.
2755 3270 2894 3331 Non
2943 3269 3157 3331 dubito
3189 3315 3207 3343 ‚
3274 3270 3426 3351 quin
3472 3268 3622 3330 illud
3662 3269 3843 3328 inmite
3905 3286 4081 3326 error

910 3389 995 3447 ‘sit
1038 3384 1307 3459 librarii,
1353 3395 1460 3443 aut
1500 3384 1767 3443 codicem
1813 3384 1970 3443 male
2019 3367 2318 3464 legentiss
2378 3383 2534 3445 Nam
2565 3380 2857 3444 id'verbi
2904 3384 2984 3444 ad
3041 3406 3253 3445 eorum
3309 3404 3635 3444 numerum
3702 3379 4086 3441 referendum

910 3490 1051 3562 esse
1079 3545 1096 3580 ,
1140 3520 1296 3582 quae
1341 3498 1506 3580 apud
1542 3499 1914 3558 Frontonem
1968 3509 2192 3558 novata
2242 3499 2495 3580 reperiri
2550 3498 2872 3580 perhibent
2897 3542 2916 3577 ,
2970 3500 3072 3559 vix
3127 3499 3278 3560 mihi
3323 3500 3647 3582 quisquam
3698 3496 4087 3579 persuaserit.

910 3599 1131 3696 ’ltaque
1170 3611 1341 3695 lego,
1397 3633 1575 3673 sensu
1624 3610 2002 3693 postulante:
2044 3611 2212 3695 quod
2260 3614 2377 3673 ειιὲε
2417 3613 2673 3672 moribus
2729 3613 3076 3694 indignum,
3139 3616 3369 3695 negotio
3414 3613 3629 3674 inuti
3649 3614 3717 3672 Ie
3742 3656 3762 3691 ,
3834 3612 4087 3671 cimam·

914 3729 1198 3792 stantibus
1236 3727 1686 3812 reprehensibile
1724 3723 2009 3787 videatur
2034 3748 2172 3788 esse.
2250 3726 2540 3808 Suspicor
2582 3728 2763 3788 etiam
2789 3772 2809 3806 ,
2851 3747 3188 3809 pronomen
3237 3749 3300 3788 m
3316 3750 3351 3788 e
3394 3728 3711 3806 excidisse,
3752 3726 3832 3787 ab
3871 3725 4088 3786 ultima

915 3843 1147 3929 syllaba
1186 3864 1256 3903 v.
1309 3843 1581 3903 maxime
1618 3844 2046 3922 interceptum.
2130 3841 2253 3902 Sed
2304 3841 2458 3903 haec
2519 3845 2581 3902 in
2623 3845 2906 3903 transitu.
2991 3841 3290 3904 Volebam
3323 3843 3490 3902 enim
3532 3841 3613 3900 ab
3652 3837 4088 3900 eiusdemmodi

917 3952 1157 4021 macula
1179 4002 1196 4031 ,
1239 3957 1483 4038 qualem
1519 3958 1691 4017 initio
1741 3955 1994 4033 sustuli,
2046 3955 2226 4017 aliam
2273 3957 2587 4038 epistolam
2624 3955 2933 4016 vindicare
2954 3999 2974 4033 ,
3016 3977 3172 4038 qnae
3205 3954 3407 4015 locum
3459 3956 3551 4015 ita
3607 3951 3766 4013 male
3806 3951 4091 4012 affectum

917 4076 1189 4137 continet
1210 4116 1227 4146 ‚
1268 4081 1345 4131 ut
1407 4071 1706 4131 sententia
1747 4073 1917 4151 quasi
1955 4071 2218 4131 tenebris
2254 4069 2627 4131 circumfusa
2657 4068 2864 4129 lateat.
2945 4069 3059 4129 Est
3104 4079 3306 4130 autem
3347 4068 3633 4151 epistola,
3678 4087 3863 4149 quam
3905 4066 4042 4127 dico
4066 4110 4087 4145 ,

919 4188 1091 4250 Libri
1136 4188 1216 4248 11.
1250 4186 1337 4247 ad
1374 4187 1692 4247 Caesarem
1729 4186 1923 4268 prima
1945 4228 1964 4262 ,
2007 4207 2128 4267 qua
2173 4186 2408 4246 Fronto
2451 4184 2693 4245 Caesari
2729 4180 3066 4267 praeci-pit,
3101 4185 3209 4245 ubi
3242 4183 3388 4267 quid
3431 4183 3495 4244 in
3541 4192 3715 4244 coetu
3766 4181 4088 4243 bominum

917 4303 1276 4364 recitaturus
1312 4302 1390 4363 sit
1415 4346 1433 4374 ,
1485 4298 1737 4360 auribus
1781 4298 2167 4360 serviendum
2202 4319 2382 4377 esse,
2426 4319 2776 4381 quanquam
2805 4318 2931 4360 non
2967 4297 3233 4380 ubique,
3277 4309 3352 4360 ut
3387 4297 3733 4383 prudenter
3772 4293 3941 4355 addit
3961 4338 3978 4366 ‚
4025 4303 4090 4353 et

918 4416 1087 4478 omni
1118 4416 1347 4494 modo,
1388 4425 1655 4476 attamen
1681 4434 2120 4496 nonnunquam
2153 4423 2213 4474 et
2243 4415 2770 4497 aliquantum.
2832 4413 2933 4474 Sic
2963 4412 3131 4473 enim
3159 4416 3431 4495 corrigo,
3476 4432 3620 4472 cum
3652 4407 3837 4490 vulgo
3854 4406 4088 4487 legatur

916 4531 1246 4615 aliquando
1275 4575 1293 4606 ‚
1353 4530 1518 4612 quod
1583 4522 1766 4612 quam
1830 4531 2010 4589 inane
2064 4530 2181 4590 hoc
2240 4528 2375 4590 loco
2427 4529 2545 4607 sit,
2599 4526 2846 4608 nemo,
2878 4528 3135 4609 opinor,
3194 4547 3320 4588 non
3374 4526 3565 4588 videt.
3652 4524 3725 4583 ln
3772 4541 3843 4580 ea
3907 4520 4094 4602 igitur
4143 4567 4152 4577 .

912 4642 1172 4737 epistola
1212 4644 1360 4707 haec
1391 4644 1710 4729 legunturz
1780 4644 1907 4706 Hic
1945 4664 2181 4713 summa
2221 4644 2337 4709 illa
2383 4634 2573 4707 virttis
2609 4640 2871 4727 οιὴτωζίε
2932 4654 3108 4727 atqtoe
3161 4641 3361 4706 aedua
3416 4654 3503 4707 est
3526 4683 3546 4722 ‚
3601 4652 3674 4701 ut
3707 4658 3829 4700 non
3865 4655 4090 4716 magno
