4592 5834
1910 708 2357 778 ...5-

530 882 883 947 detrimento
934 880 1132 945 rectae
1183 850 1564 966 εεὶοᾳὶιειῡηιίιιιῇΙ
1586 880 1885 943 auditores
1924 880 2215 952 oblectet‚·
2287 892 2473 960 eaque
2517 871 2912 967 delenimenta
2936 920 2954 947 ‚
2998 894 3150 959 quae
3188 875 3532 951 mulcendis-
3545 869 3720 959 volgi

531 1000 752 1063 animis
782 1011 1093 1081 comparat
1125 1040 1144 1072 ‚
1180 1018 1256 1058 ne
1301 1017 1433 1057 cum
1478 997 1664 1057 multo
1690 1017 1765 1057 ac
1803 1013 2019 1076 magno
2060 991 2345 1073 dedecore
2367 988 2595 1070 fici-ata
2633 991 2782 1057 sint.-
2821 1005 2888 1063 με
2926 992 2990 1049 in
3026 992 3463 1073 composicionis
3493 993 3710 1062 insem-

530 1126 699 1179 ctura
737 1134 922 1196 aeque
958 1112 1212 1173 mollitia
1262 1112 1340 1171 sic
1382 1109 1661 1173 delia-mm
1679 1150 1699 1184 ,
1782 1126 1975 1194 quam
2031 1110 2097 1168 in
2158 1106 2442 1197 sententia
2480 1105 2865 1188 impmientia.
2952 1105 3025 1165 In
3082 1107 3360 1166 extremis
3423 1106 3714 1167 mendum

532 1225 785 1286 haerere
806 1270 822 1298 ‚
862 1281 869 1289 .
879 1226 1265 1307 perspicuum
1306 1235 1419 1285 est.
1505 1225 1719 1305 Itaque
1768 1221 2158 1285 Heindorfius
2212 1220 2453 1302 putavit
2477 1263 2497 1297 ,
2550 1219 2934 1280 scribendum
2980 1240 3110 1280 esse
3164 1221 3229 1280 in
3279 1222 3715 1303 compositionis

533 1354 845 1403 unacmra.
925 1339 1067 1409 sed,
1093 1361 1162 1400 ea
1212 1341 1557 1401 coniectura
1584 1383 1602 1414 ,
1648 1350 1887 1399 tantum
1933 1337 2141 1409 abest,
2192 1347 2263 1396 ut
2301 1337 2434 1418 opis
2473 1333 2704 1415 aliquid
2748 1332 3003 1412 afferat,
3043 1346 3115 1394 ut
3178 1320 3305 1416 ips'a
3345 1336 3497 1396 vitio
3543 1334 3714 1395 labo-

532 1475 670 1517 rare
702 1455 1002 1519 videatur.
1091 1455 1338 1523 Etenim
1370 1475 1513 1517 cum
1569 1453 1756 1515 verba
1786 1455 1895 1515 ista
1938 1451 2278 1515 simillimae
2313 1448 2411 1512 vel
2445 1449 2712 1511 eiusdem
2742 1452 2942 1531 potius
2984 1450 3431 1532 significationis
3478 1461 3538 1510 et
3567 1471 3713 1512 usus

531 1572 691 1646 sint,
760 1572 855 1629 vix
906 1571 991 1635 ita
1050 1568 1190 1630 licet
1232 1590 1301 1629 ea
1340 1569 1739 1651 coniungere,
1797 1580 1959 1631 certe
2012 1569 2245 1635 nemini
2298 1565 2360 1627 id
2384 1608 2403 1640 ‚
2461 1566 2578 1627 nisi
2649 1565 2931 1648 exemplis
2985 1564 3342 1625 indubitatis
3393 1544 3711 1646 probanti,

535 1682 917 1747 crediderim.
964 1683 1181 1765 Neque
1221 1682 1421 1744 solum
1453 1683 1551 1744 his
1584 1682 1823 1744 duobus
1847 1682 2048 1744 verbis
2098 1681 2449 1764 depravatio
2488 1682 2758 1741 cernitur
2782 1724 2802 1758 ,
2843 1679 2947 1741 sed
2973 1678 3267 1743 nonnulla
3297 1679 3515 1755 etiam,
3557 1700 3713 1760 quae

533 1799 806 1878 proxime
831 1797 1155 1879 leguntur,
1194 1797 1404 1859 eadem
1448 1796 1587 1858 labe
1625 1808 1900 1857 contacta
1926 1806 2092 1861 sunt.
2175 1795 2366 1859 Velut
2415 1794 2566 1856 illud
2593 1816 2815 1879 aeque,
2847 1795 3015 1877 quod
3037 1815 3258 1865 nemo,
3302 1795 3406 1876 qni
3463 1796 3710 1875 quidem

530 1924 698 1971 recte
750 1911 1041 1992 loquendi
1086 1932 1265 1975 usum
1328 1922 1572 1983 teneat,
1617 1909 1951 1991 particulae
2003 1930 2188 1994 quam
2244 1911 2502 1981 iunxerit
2530 1955 2550 1988 ‚
2607 1908 2716 1969 ubi
2771 1911 2970 1970 omnis
3031 1907 3288 1991 negandi
3363 1911 3457 1969 vis
3521 1910 3709 1971 deest.

535 2026 771 2085 Verum
827 2036 899 2084 ut
942 2046 1017 2085 eo
1057 2023 1240 2086 niodo
1282 2024 1583 2086 Frontoni
1630 2025 1892 2086 scribere
1934 2023 2206 2101 licuerit,
2264 2035 2467 2087 tamen
2523 2024 2650 2105 ipsa
2694 2025 2992 2085 sententia
3050 2025 3136 2083 ita
3188 2034 3534 2104 comparata
3584 1994 3715 2101 esti

533 2149 636 2216 ut,
678 2160 1108 2221 quamcunque
1160 2141 1223 2203 in
1266 2150 1498 2222 partem
1530 2162 1664 2206 eam
1699 2139 1889 2202 trahis
1916 2184 1938 2218 ‚
2000 2138 2152 2205 nihil
2199 2139 2343 2201 inde
2384 2139 2511 2220 apti
2555 2158 2625 2199 ac
2672 2140 2802 2198 sani
2857 2137 3170 2199 extundas.
3259 2137 3426 2216 Quid
3474 2138 3713 2205 multas?

530 2253 1000 2315 Emendandum
1044 2264 1172 2315 est=
1218 2268 1281 2315 ut
1316 2257 1382 2315 in
1424 2255 1858 2339 compositionis
1902 2238 2169 2337 potius
2233 2267 2548 2315 structu
2566 2273 2868 2337 raeque
2924 2253 3184 2313 mollitia
3243 2253 3321 2313 sie
3382 2253 3708 2333 delictum,

531 2389 715 2449 quam
764 2355 831 2428 'in
891 2371 1179 2430 sementia
1218 2370 1581 2452 impudenti,
1638 2380 1708 2430 ut
1744 2389 1955 2431 sensus
2012 2371 2090 2430 sit
2113 2413 2133 2447 ,
2190 2371 2241 2429 si
2283 2369 2530 2450 quando
2582 2368 2659 2427 ad
2719 2365 3013 2449 populum
3071 2366 3411 2427 dicendum
3455 2371 3533 2428 sit
3558 2414 3576 2445 ,
3645 2369 3709 2428 id

529 2503 769 2542 summa
806 2494 938 2543 arte
979 2493 1281 2542 oratorem
1328 2484 1475 2543 eniti
1521 2493 1797 2563 oportere
1817 2524 1837 2559 ,
1881 2492 1951 2542 ut
1989 2481 2406 2553 blandimenta
2430 2525 2448 2556 ‚
2481 2501 2638 2562 quae
2673 2479 3029 2540 deliniendis
3072 2479 3239 2562 vulgi
3285 2483 3501 2541 animis
3528 2481 3707 2540 adhi-
3813 2490 3818 2496 ’

531 2594 673 2655 beat
698 2641 719 2673 ,
760 2617 831 2657 ea
861 2605 1191 2677 temperata
1240 2596 1361 2656 sint
1406 2595 1821 2658 moderatione
1842 2641 1860 2670 ,
1905 2606 1977 2656 ut
2005 2597 2204 2659 omnis
2243 2595 2439 2676 turpis
2463 2615 2534 2667 ae
2568 2593 2817 2656 vernilis
2843 2579 3114 2654 adulatio
3153 2592 3305 2654 d‘esit
3330 2639 3350 2672 ‚
3392 2594 3709 2677 multoque

530 2722 872 2791 praestare,
918 2712 981 2771 in
1025 2712 1460 2792 compositione
1505 2709 1755 2771 mollem
1798 2721 1895 2783 et,
1939 2720 2009 2771 ut
2053 2709 2414 2787 Quintiliani
2458 2709 2620 2770 idem
2675 2708 2891 2770 vitium
2948 2710 3214 2768 notantis
3262 2709 3454 2770 verbo
3512 2721 3651 2770 utar
3682 2756 3705 2789 ‚

530 2825 790 2887 fractum
857 2847 920 2887 se
976 2827 1303 2907 praebere,
1366 2846 1553 2907 quam
1600 2827 1663 2895 in
1715 2825 2024 2893 sententiis
2070 2824 2545 2885 inverecundum
2594 2833 2656 2884 et
2703 2823 3028 2901 abiectum.
3114 2822 3274 2882 Huic
3339 2828 3730 2909 sententiae,

533 2938 673 3005 vide
703 2983 721 3011 ‚
788 2959 973 3019 quam
1034 2938 1194 3003 belle
1235 2949 1571 3021 congruant
1628 2940 1977 3021 sequentia,
2037 2958 2196 3019 quae
2238 2959 2404 3001 minc
2447 2914 2694 2999 demum
2739 2947 2801 2997 et
2842 2937 2970 3018 ipsa
3007 2956 3177 2997 suam
3236 2936 3433 2997 lucem
3494 2940 3709 3030 nancif

469 3111 483 3125 ,
529 3063 799 3111 scuntur.
884 3053 1127 3113 Vestem
1164 3070 1437 3132 quoque,
1479 3037 1719 3130 innuit¹
1756 3053 2036 3113 lanarum
2082 3048 2703 3141 ''nollitia‘delt'catam
2743 3051 2948 3128 malo,
3001 3053 3120 3131 (ita
3172 3050 3358 3112 editio
3399 3072 3558 3111 nova
3591 3074 3704 3132 pro

523 3165 755 3244 polim,
802 3162 967 3245 quod
1023 3174 1199 3225 antea
1222 3159 1597 3245 ⁸legebatur)
1630 3209 1651 3241 ‚
1683 3185 1869 3247 quam
1909 3166 2105 3226 colore
2164 3167 2447 3235 muliebri
2469 3211 2490 3244 ‚
2522 3166 2642 3248 filo
2688 3168 2850 3226 tenui
2888 3179 2999 3225 aut
3042 3166 3233 3225 serico
3287 3175 3401 3224 etc.
3492 3166 3706 3227 Unum

532 3248 787 3354 addam}
836 3276 1167 3360 impudenti
1220 3297 1342 3340 non
1396 3279 1744 3339 coniectura
1800 3298 1837 3338 a
1885 3298 1985 3338 me
2041 3280 2387 3351 restitutum
2451 3299 2582 3339 esse
2611 3320 2631 3355 ,
2674 3278 2779 3337 sed
2830 3279 2894 3335 in
2950 3276 3157 3336 codice
3199 3278 3327 3358 ipso
3357 3323 3377 3356 ‚
3415 3289 3707 3360 tanquam

530 3393 658 3453 veri
709 3392 1025 3472 vestigium
1046 3434 1065 3463 ‚
1106 3402 1307 3457 extare
1333 3434 1351 3463 ‚
1400 3390 1558 3452 male
1597 3402 1931 3465 correctum
1975 3412 2012 3452 a
2051 3413 2238 3454 manu
2282 3391 2569 3471 secunda.
2655 3391 2784 3452 lam
2837 3410 2984 3451 vero
3027 3389 3190 3471 quod
3241 3391 3356 3452 hoc
3400 3393 3533 3455 loeo
3579 3399 3707 3457 sive

532 3506 699 3565 Maio
742 3506 870 3566 sive
912 3505 1169 3567 librario
1205 3508 1397 3567 veteri
1446 3506 1703 3583 accidit,
1742 3515 1820 3579 ⁸ut
1880 3507 1941 3566 in
1995 3504 2251 3588 legendo
2300 3506 2550 3583 codice,
2600 3506 2905 3567 continuis
2961 3504 3180 3589 litteris
3214 3509 3439 3589 scripto
3463 3554 3484 3585 ,
3527 3510 3704 3571 aber-

530 3629 737 3679 rarent
780 3617 1163 3700 syllabasque
1190 3617 1363 3691 falso,
1386 3618 1728 3680 dividerent
1755 3663 1775 3696 ‚
1817 3640 1968 3700 quas
2004 3620 2290 3701 coniungi
2337 3629 2676 3701 oporteret,
2722 3619 2881 3681 idem
2923 3620 3182 3681 subinde
3220 3621 3445 3699 factum
3499 3634 3588 3684 est
3636 3627 3712 3697 in,

528 3732 675 3805 totis
710 3732 1144 3791 sententiarum
1170 3733 1442 3812 partibus
1466 3778 1487 3808 ,
1524 3743 1689 3792 arcte
1732 3732 1892 3793 inter
1929 3754 1995 3794 se
2036 3733 2430 3816 copulandi83
2471 3731 2624 3816 quas
2664 3734 2750 3796 sic
2781 3741 3093 3817 truncatas
3133 3736 3239 3796 ubi
3281 3756 3461 3798 sensu
3498 3760 3704 3800 carere

532 3845 1125 3925 animadverterent,
1186 3848 1362 3919 novis
1393 3848 1875 3915 coniecturarum
1937 3847 2245 3909 erroribus
2288 3868 2467 3930 saepe
2513 3849 2576 3911 in
2613 3849 2788 3931 peius
2835 3850 3014 3909 etiam
3077 3860 3409 3910 mutarunt.
3501 3853 3699 3928 Quale

527 3959 683 4021 illud
729 3972 817 4021 est
842 4007 860 4036 ,
920 3960 1088 4043 quod
1153 3961 1422 4041 proxime
1488 3961 1550 4037 in
1604 3960 1814 4022 eadem
1850 3961 2122 4045 ‚epistola
2158 3962 2462 4024 antecedit
2485 3982 2506 4022 ε
2581 3961 2809 4047 Πόἱφιε
2847 3963 3031 4045 igitur
3061 3964 3316 4047 populus
3358 3964 3704 4029 domham:-

528 4087 585 4133 ει
609 4074 967 4155 praepollet.
1045 4074 1244 4154 Igitur
1278 4089 1359 4149 ut,
1375 4075 1601 4159 populo
1636 4078 2059 4157 granonem,
2109 4079 2415 4158 itascicies
2439 4081 2724 4162 atqneica
2746 4078 2929 4140 dices.
3010 4078 3153 4140 Noli
3182 4079 3503 4157 dubitare,
3546 4085 3698 4162 quin

527 4183 763 4260 Fronto
788 4229 809 4264 ‚
851 4186 1088 4249 duobus
1143 4189 1431 4263 membris
1469 4192 1810 4253 coniunctis
1832 4235 1851 4270 ,
1893 4191 2130 4253 dederit
2151 4213 2170 4252 ε
2225 4192 2454 4277 ζῙόἰςιςε
2492 4195 2676 4275 igitur
2713 4193 2970 4277 populus
3023 4192 3372 4255 dominatur
3406 4209 3466 4256 et
3510 4217 3698 4279 prae-

517 4300 745 4382 pollet,
788 4300 904 4361 ibi
942 4315 1007 4361 ut
1040 4303 1269 4385 populo
1306 4318 1547 4384 gratum
1590 4307 1708 4369 erit
1743 4315 1861 4366 etc.
1947 4305 2145 4385 Panlo
2189 4310 2435 4390 gravius
2479 4319 2793 4391 peecatum
2844 4318 2937 4369 est
2996 4308 3111 4370 hac
3160 4311 3396 4370 ratione
3452 4311 3514 4371 in
3567 4316 3695 4394 epi-

527 4415 683 4481 aona
718 4426 933 4478 octava
964 4416 1135 4477 Libri
1180 4417 1297 4485 ιιι.
1339 4418 1418 4479 ad
1447 4418 1765 4513 caesarem
1788 4463 1808 4499 ,
1872 4420 1978 4481 ubi
2023 4400 2285 4487 rmnto’
2307 4424 2459 4486 haec
2512 4423 2593 4487 ad
2629 4424 2910 4485 Marcum
2950 4444 3132 4507 sum
3161 4423 3413 4487 scribit:
3455 4424 3699 4487 Eorum

519 4529 728 4612 nn'quid
760 4529 1066 4614 (intellige
1095 4543 1415 4615 pmeeepta
1453 4533 1766 4597 Theodori
1804 4532 2102 4617 rhetoris)
2145 4539 2478 4599 memoriae
2526 4550 2663 4600 mae
2705 4538 2973 4622 elapsum
3011 4552 3098 4599 est
3114 4582 3134 4617 ,
3176 4558 3296 4601 non
3338 4539 3546 4602 imatile
3582 4545 3700 4604 erit

524 4641 877 4719 eademne:
917 4644 1111 4707 denuo
1148 4646 1505 4713 detractare·
1593 4649 1993 4749 Tibicenfpus
2030 4649 2487 4715 aden'tt’nhac
2524 4645 2780 4731 εἰκόνρ,
2821 4652 3323 4738 qnamdepatre
3376 4667 3474 4718 tuo
3526 4669 3692 4738 toque
