4592 5834
1944 1229 2650 1569 ΜΨ

543 1856 789 1990 Cum
849 1906 962 2010 ego
1022 1947 1259 2010 nuper,
1334 1928 1536 2013 nescio
1590 1925 1740 2011 quid
1798 1940 1978 2009 agens
2007 1969 2025 2005 ,
2088 1922 2178 1995 Μ.
2248 1925 2598 1990 Cornelium
2656 1924 3067 2002 Frontonem,
3132 1923 3213 1985 ab
3275 1921 3508 2007 Angelo
3566 1922 3732 1988 Maio

552 2042 788 2105 Romae
822 2041 995 2107 i823.
1015 2041 1365 2125 vulgatum,
1406 2045 1470 2103 in
1509 2062 1726 2104 manns
1748 2062 2048 2104 sumerem
2070 2085 2088 2121 ‚
2118 2053 2214 2126 et,
2260 2042 2411 2124 quid
2437 2064 2507 2104 ea
2535 2041 2721 2103 editio
2749 2058 2946 2103 novae
2973 2040 3131 2103 dotis
3159 2039 3412 2102 haberet
3435 2083 3455 2115 ,
3500 2061 3726 2122 cogno·

544 2168 781 2217 -scerem
803 2201 822 2237 ,
869 2157 1019 2217 'non‘
1036 2166 1349 2238 poteram,
1413 2159 1563 2238 quin
1608 2155 1974 2239 singularem
2014 2156 2277 2217 hominis
2315 2156 2664 2217 felicitatem
2701 2154 3034 2216 admirarer
3053 2197 3071 2233 ‚
3111 2158 3221 2237 qui
3265 2166 3540 2217 veterum
3597 2172 3731 2215 mo·-

550 2276 861 2334 numentis
888 2282 895 2287 '
910 2274 985 2372 in
1047 2271 1241 2333 lucem
1290 2272 1646 2333 revocandis
1708 2270 2000 2332 divinitus
2063 2271 2305 2332 videtur
2355 2265 2597 2333 nostrae
2652 2271 2833 2332 aetati
2892 2248 3210 2333 concessus
3248 2290 3398 2331 esse.
3484 2271 3731 2348 Etenim

552 2398 879 2471 postquam
919 2389 1001 2462 is,
1044 2386 1375 2448 Mediolani
1422 2388 1608 2449 etiam
1652 2398 1784 2448 tum
1831 2386 2054 2469 degens
2079 2431 2099 2465 ,
2171 2387 2261 2447 M.
2315 2387 2645 2447 Frontonis
2703 2386 2922 2466 scripta
2943 2431 2963 2463 ,
3000 2405 3158 2465 quae
3197 2385 3488 2465 temporis
3527 2382 3729 2445 homi·-

553 2514 781 2561 numve
820 2503 1046 2560 iniuria
1088 2498 1320 2560 dudum
1358 2499 1734 2562 intercidisse
1768 2500 2178 2581 putabantur,
2224 2499 2366 2560 satis
2411 2499 2613 2581 amplo
2640 2514 2898 2567 numero
2947 2519 3017 2560 ex
3051 2498 3487 2559 Ambrosianae
3513 2496 3730 2558 biblio·

557 2615 771 2676 thecae
809 2613 1199 2696 palimpsesto
1237 2614 1441 2687 eruit,
1493 2614 1700 2693 idem,
1741 2634 1879 2675 ecoe
1905 2652 1927 2693 ,
1970 2614 2227 2674 Romam
2256 2633 2395 2674 mox
2438 2632 2476 2674 a
2541 2613 2657 2674 Pio
2713 2613 2858 2674 vn.
2902 2612 3228 2721 pontifice
3225 2614 3492 2677 maximo
3529 2632 3730 2673 arces-

544 2732 706 2793 situs
726 2770 747 2805 ,
809 2741 882 2790 ut
930 2726 1342 2793 bibliothecae
1380 2729 1708 2789 vaticanae
1751 2739 2084 2809 praeesset,
2146 2728 2362 2789 incidit
2402 2730 2466 2789 in
2521 2729 2790 2790 codicem
2844 2749 2913 2789 ex
2953 2727 3167 2789 eodem
3206 2727 3730 2811 palimpsestorum
3851 2732 3860 2736 ’

550 2864 771 2925 genere
796 2888 814 2919 ,
878 2844 986 2925 qui
1042 2840 1185 2925 plus
1241 2854 1483 2903 centum
1523 2838 1783 2903 ineditas
1826 2843 2224 2904 Frontoniani
2270 2842 2468 2924 operis
2512 2841 2832 2924 epistolas,
2895 2842 3012 2902 sub
3051 2844 3384 2904 recentiore
3424 2843 3728 2924 scriptura

548 2958 1003 3035 delitescentes,
1064 2926 1421 3019 contineret.
1511 2956 1665 3019 Erat
1692 2967 1951 3037 uterque
1981 2955 2164 3016 codex
2193 2954 2342 3016 olfln
2368 2955 2718 3016 monasterii
2759 2955 2826 3017 S.
2859 2956 3262 3036 columbani,
3315 2956 3480 3039 quod
3507 2956 3682 3019 Bobii
3700 2997 3720 3035 ‚

552 3073 837 3152 Liguriae
875 3069 1029 3129 urbe
1050 3111 1070 3147 ,
1139 3078 1200 3127 et
1257 3067 1596 3128 litterarum
1652 3068 1832 3129 laude
1890 3080 1950 3129 et
1989 3073 2422 3150 praestantium
2463 3069 2763 3133 librorum
2806 3075 2982 3153 copia
3024 3071 3133 3133 diu
3185 3070 3413 3133 floruit.
3499 3072 3723 3153 Ingru-

557 3194 697 3245 ente
735 3193 942 3259 autem
995 3183 1279 3246 barbarie
1309 3229 1327 3260 ,
1390 3199 1531 3244 eum
1572 3182 1858 3244 monachi
1905 3182 2069 3245 bona
2112 3202 2221 3245 sua
2262 3186 2610 3266 ignorarent
2648 3186 3198 3268 bibliothecamque
3234 3185 3509 3265 dissipari
3548 3197 3721 3266 pate-

545 3310 766 3360 rentur
794 3343 813 3372 ,
862 3296 1125 3361 alterum
1164 3298 1454 3361 volumen
1484 3295 1902 3360 Mediolanum
1940 3296 2299 3360 translatum
2340 3310 2456 3378 est,
2515 3299 2775 3361 alterum
2819 3300 3079 3360 Romam
3119 3299 3197 3359 ad
3234 3299 3585 3360 Pontificiae
3625 3300 3720 3361 hi.

550 3412 889 3474 bliotbecae
929 3434 1089 3495 opes
1117 3415 1429 3475 concessit.
1512 3413 1734 3475 Nactus
1774 3414 1961 3495 igitur
1998 3423 2127 3474 tam
2168 3412 2546 3494 splendidam
2589 3411 2978 3494 epistolarum
3017 3415 3454 3489 accessionem,
3500 3435 3720 3496 operae

548 3530 810 3608 pretium
856 3529 1056 3588 Maius
1084 3514 1304 3589 fecisse
1343 3527 1677 3589 censendus
1704 3538 1811 3587 .est
1832 3570 1852 3605 ,
1892 3526 2057 3608 qnod
2078 3572 2100 3604 ‚
2155 3547 2319 3587 nova
2359 3526 2622 3588 editione
2681 3524 2954 3608 ‘suscepta
2977 3571 2997 3607 ‚
3042 3527 3282 3600 ,codicis
3318 3529 3576 3590 Romani
3623 3530 3721 3590 in·-

551 3634 856 3704 crementa
904 3662 1045 3703 cum
1074 3642 1623 3704 Mediolanensibus
1667 3641 1843 3703 editis
1874 3642 2197 3703 ‘coniunxit
2231 3651 2293 3703 et
2338 3625 2463 3701 ευό
2490 3641 2776 3723 quodque
2813 3641 2950 3703 loco
2984 3644 3207 3704 inserta
3230 3643 3419 3704 dedit.
3503 3644 3718 3726 Neque

544 3758 612 3819 in
648 3757 782 3818 “hoc
838 3759 1081 3840 negotio
1138 3779 1285 3818 cura
1343 3757 1475 3835 eius
1512 3755 1811 3834 substitit3
1874 3755 1980 3816 sed
2011 3753 2173 3816 ultra
2211 3772 2559 3857 progressa,
2612 3776 2713 3817 eas
2753 3755 2932 3817 simul
2985 3758 3266 3839 epistolas
3307 3759 3717 3822 retractandas

546 3873 759 3933 'sumsit
782 3914 801 3951 ,
843 3884 998 3954 quae
1048 3883 1194 3934 octo
1241 3872 1415 3933 annis
1456 3881 1595 3932 ante
1622 3869 1951 3935 Mediolani
1988 3870 2175 3952 paulo
2233 3850 2521 3935 calidiore
2576 3871 2828 3934 consilio
2872 3872 2934 3932 in
2974 3871 3172 3933 lucem
3209 3874 3478 3955 prolatae
3515 3886 3712 3938 erant.

544 3987 773 4068 ltaque
784 3990 1045 4049 excussis
1072 3988 1291 4049 iterum
1334 3983 1634 4048 schedulis
1676 3986 1843 4047 suis.
1886 4006 2030 4047 nam
2072 3985 2348 4047 codicem
2384 3988 2580 4068 ipsum
2633 4008 2927 4069 usurpare
2957 3988 3076 4049 iam
3106 4009 3229 4050 non
3271 3988 3478 4051 licuit·
3504 3991 3709 4074 plura,

544 4114 703 4181 quae
732 4121 939 4162 errore
961 4100 1061 4162 vel
1088 4101 1421 4162 extricandi
1450 4099 1804 4165 difficultate
1826 4102 2049 4163 omissa
2081 4111 2251 4161 erant
2292 4113 2504 4189 antea,
2551 4102 2808 4181 addidit,
2840 4100 3196 4165 lacunarum
3251 4108 3443 4187 spatia
3484 4107 3713 4189 ubique

547 4213 825 4275 delinivit
886 4227 1067 4297 atque
1129 4217 1427 4294 omnino,
1474 4235 1618 4275 oum
1676 4214 1943 4277 aliorum
1960 4256 1979 4294 ,
2035 4225 2170 4277 tum
2237 4216 2529 4297 imprimis
2585 4216 2944 4297 Niebuhrii‚
3008 4219 3144 4278 Viri
3208 4219 3483 4299 Summi,
3530 4210 3712 4303 quem

544 4329 813 4392 Beroliffi
828 4340 1077 4393 constat
1097 4331 1427 4392 Frontonis
1466 4327 1751 4413 reliquias
1784 4329 2076 4404 edidisse,
2122 4332 2445 4413 sagacitate
2486 4332 2914 4412 doctrinaeque
2961 4333 3134 4413 copia
3178 4334 3491 4416 insigniter
3534 4335 3711 4398 adin«-

538 4460 680 4519 τας,
716 4440 910 4508 'totam
955 4466 1086 4508 rem
1128 4446 1212 4507 ita
1251 4446 1734 4527 administravit,
1775 4457 1846 4507 ut
1896 4467 2062 4509 nime
2115 4446 2366 4507 demum
2409 4444 2561 4509 illud
2596 4466 2750 4528 opus
2781 4445 2959 4507 nobis
3000 4445 3305 4507 redditum
3342 4448 3460 4509 dici
3503 4458 3708 4532 queat.

508 4564 779 4657 svamm
810 4564 874 4623 in
904 4572 1074 4624 tanta
1109 4561 1593 4645 corruptelarum
1627 4564 1824 4625 omnis
1865 4564 2099 4644 genesis
2125 4561 2532 4637 multitudine,
2580 4583 2737 4643 quae
2783 4562 3164 4642 scriptorem,
3206 4563 3539 4624 miserrima
3587 4564 3712 4631 ibr-

540 4687 701 4747 *una
738 4675 1151 4739 conflictatum
1172 4722 1193 4755 ,
1238 4676 1724 4765 deformaverant
1747 4719 1767 4758 ,
1804 4676 1942 4765 'fleri
1984 4698 2108 4740 non
2152 4688 2349 4760 potest
2378 4722 2399 4755 ,
2442 4677 2590 4759 quin
2622 4675 2828 4762 plures
2877 4677 3207 4739 etiamnum
3238 4677 3357 4741 loci
3380 4650 3703 4768 resideant,
