4592 5834
2310 694 2753 769 ...6-

950 860 1223 951 cleptum:
1306 863 1375 928 ‘afr
1414 888 1477 930 n
1515 867 1641 931 τῶν
1680 858 2168 950 συμβεβῄκότων
2208 863 2442 948 ἔλαβον·
2463 864 2533 931 τὸ
2570 862 2796 947 ὅμοιον
2833 867 2943 950 τῆς
2984 860 3343 952 ἀσφαλείας
3383 869 3495 931 καί
3534 872 3646 951 τῆς
3683 868 4114 944 ἄπηλαύάεωζ.

938 982 1177 1059 Vides,
1223 983 1371 1044 haec
1405 983 1556 1045 adeo
1584 985 1831 1046 turbata
1872 1006 2025 1059 esse,
2066 995 2136 1045 ut
2174 983 2426 1066 intelligi
2469 995 2792 1066 nequeant.
2833 983 3046 1045 Scribe
3075 1005 3214 1045 meo
3251 985 3558 1068 periculo:
3607 1007 3728 1048 non
3763 988 3970 1048 imatile
4008 991 4122 1047 erit

946 1096 1162 1157 eadem
1201 1117 1306 1158 nos
1354 1098 1543 1160 denuo
1595 1111 2087 1171 retractare,
2133 1100 2261 1159 ubi
2325 1111 2549 1182 tempus
2587 1098 2806 1159 aderit.
2891 1098 2972 1159 In
3012 1099 3126 1158 hac
3164 1093 3401 1175 εἷκόινε,
3443 1120 3627 1183 qnam
3665 1100 3743 1160 de
3788 1115 3968 1184 patre
4021 1115 4119 1160 mo

944 1224 1113 1294 reque
1149 1211 1447 1296 depinxi,
1494 1211 1564 1274 ἓν
1606 1232 1671 1275 τι
1708 1211 1834 1276 τῶν
1872 1214 2137 1292 συμβεβ.
2179 1206 2408 1291 ἔλαβον
2448 1223 2563 1280 etc.
2647 1208 2778 1274 Non
2825 1213 3196 1274 immorabor
3233 1216 3295 1275 in
3351 1236 3419 1275 re
3453 1216 3789 1277 manifesta.
3870 1216 3966 1277 Ad
4015 1216 4119 1277 illa

942 1327 1201 1388 transire
1256 1326 1442 1404 libet,
1484 1347 1643 1410 quae
1701 1329 2055 1409 importuna
2099 1322 2366 1411 quadam
2413 1328 2733 1410 supplendi
2789 1329 3126 1390 temeritate
3166 1326 3453 1412 corrupta
3498 1343 3679 1409 sunt,
3707 1350 3852 1391 cum
3914 1342 4119 1391 tamen

940 1444 1009 1501 in
1056 1442 1204 1523 ipsis
1246 1444 1466 1503 veteris
1511 1444 1848 1525 scripturae
1888 1444 2193 1525 vestigiis,
2235 1430 2401 1525 quod
2430 1444 2635 1506 deesse
2666 1443 3066 1525 credebatur,
3127 1442 3359 1509 lateret.
3445 1445 3538 1506 Ex
3582 1466 3655 1506 eo
3683 1467 3902 1528 genere
3951 1445 4120 1506 locus

942 1548 1036 1615 est
1072 1554 1358 1636 epistolae
1405 1544 1660 1639 quartae
1725 1558 1895 1618 Libri
1943 1558 2025 1625 11.
2070 1558 2151 1618 ad
2206 1557 2523 1619 Caesarem
2550 1603 2570 1637 ,
2631 1560 2736 1620 ubi
2781 1580 2925 1623 cum
2968 1559 3201 1621 Fronto
3260 1559 3541 1630 dixisset.
3587 1562 3667 1621 D.
3737 1561 4117 1622 Hadrianum

943 1672 1132 1750 magis
1177 1669 1274 1730 dei
1323 1670 1459 1731 loco
1508 1693 1545 1732 a
1597 1692 1662 1732 se
1700 1668 1976 1732 habitum
2007 1717 2027 1751 ,
2080 1692 2265 1755 quam
2298 1683 2566 1733 amatum
2598 1672 2778 1733 fuisse
2811 1717 2828 1751 ,
2873 1674 3300 1757 interrogando
3348 1679 3581 1757 pergit:
3656 1677 3856 1759 Quare
3880 1683 3910 1734 ?
3971 1680 4117 1759 quia

940 1785 1030 1845 ad
1060 1785 1389 1848 anundum
1413 1786 1658 1870 fiducia
1721 1808 1867 1872 opus
1909 1800 1997 1848 ert
2033 1800 2094 1848 ee
2098 1789 2538 1869 familiaritate
2553 1815 2571 1848 .-
2632 1790 2777 1872 quia
2794 1788 3042 1873 fidem-ia
3071 1791 3221 1849 mim
3263 1790 3454 1869 delicit
3478 1837 3495 1863 ‚
3568 1812 3638 1852 eo
3704 1813 3875 1875 quem
3926 1804 4119 1851 tanto-

932 1920 1079 1982 pere
1132 1901 1504 1976 venembar,
1552 1922 1671 1963 non
1726 1922 1852 1962 mm
1887 1923 2056 1962 ausus
2108 1902 2387 1983 diligere.
2471 1902 2566 1962 Ita
2600 1902 2847 1984 quidem
2894 1904 3094 1964 Maius
3137 1903 3362 1980 edidit3
3405 1903 3511 1964 sed
3548 1904 3712 1965 idem
3753 1908 3815 1964 in
3866 1916 4119 1977 annota-

935 2015 1202 2075 tionibus
1250 2016 1566 2096 protitetur
1596 2060 1614 2089 ,
1678 2013 1831 2075 illud
1874 2034 2065 2098 quare
2092 2060 2110 2089 ‚
2158 2015 2328 2097 quod
2389 2016 2561 2076 initio
2604 2015 2859 2098 legitur,
2913 2023 2976 2079 in
3030 2018 3161 2100 ipso
3206 2018 3430 2079 codicis
3472 2029 3636 2080 textu
3695 2040 3819 2080 non
3866 2031 4069 2081 extare
4095 2067 4112 2095 ,

937 2130 1039 2188 sed
1088 2150 1155 2188 ex
1211 2131 1518 2211 margine,
1557 2130 1663 2190 ubi
1702 2133 1999 2190 sententia
2034 2142 2437 2212 repeteretur,
2489 2130 2553 2190 in
2602 2129 2877 2191 ordinem
2918 2152 2955 2192 a
2997 2153 3061 2193 se
3090 2143 3399 2213 receptum
3434 2152 3581 2192 esse.
3671 2134 3856 2209 Quod
3895 2135 4120 2195 nollem

937 2247 1185 2305 sactum.
1274 2246 1433 2306 Nam
1489 2247 1831 2328 proximum
1882 2248 2027 2330 quia
2079 2246 2232 2308 adeo
2298 2245 2622 2308 molestum
2679 2257 2768 2307 est
2794 2291 2811 2325 ,
2867 2258 2937 2307 ut
2998 2247 3097 2308 vix
3142 2245 3450 2322 dubitem,
3495 2250 3643 2328 quin
3688 2268 3761 2307 eo
3795 2247 3930 2309 looo
3974 2270 4119 2311 vera

935 2359 1349 2442 interrogandi
1388 2359 1649 2422 formula
1687 2360 2035 2438 delitescat3
2076 2350 2549 2445 quae'qnoniam
2588 2360 2774 2442 paulo
2815 2360 3169 2422 insolentior
3207 2371 3338 2422 erat
3359 2407 3376 2433 ‚
3427 2363 3965 2443 interpretamento
3988 2411 4002 2436 ‚
4049 2377 4119 2425 ut

930 2475 1003 2535 fit
1028 2522 1045 2547 ,
1093 2496 1224 2536 eam
1263 2478 1685 2556 commutavit,
1726 2478 1998 2560 quisquis
2039 2478 2303 2561 margini
2348 2477 2577 2540 scholia
2618 2477 2955 2558 adscripsit.
3040 2476 3204 2559 Lego
3237 2497 3255 2535 ε
3306 2477 3513 2559 Quid
3547 2478 3663 2537 ita
3695 2483 3726 2537 ?
3778 2478 3869 2540 ad
3904 2502 4118 2540 aman-

936 2593 1080 2665 dum
1143 2603 1259 2650 etc.
1341 2592 1619 2653 Eandem
1685 2592 2051 2654 medicinam
2109 2592 2519 2675 adhibendam
2551 2614 2681 2654 esse
2741 2589 3029 2674 epistolae
3093 2594 3311 2652 tertiae
3355 2589 3523 2650 Libri
3572 2592 3657 2649 Π.
3706 2593 3785 2653 ad
3828 2593 4117 2672 Amicos,

932 2704 1325 2764 Heindorfius
1363 2708 1486 2765 iam
1528 2707 1709 2782 vidit,
1752 2728 2103 2790 quanquam
2141 2707 2503 2769 emendandi
2540 2706 2880 2789 perleulum
2919 2708 3048 2767 eius
3083 2727 3205 2767 non
3255 2704 3473 2786 placet.
3546 2704 3752 2766 Verba
3783 2708 4112 2771 Frontonis

929 2819 1081 2879 haec
1144 2830 1327 2880 sunt:
1369 2819 1591 2905 Siquid
1641 2822 1947 2883 m‘debitur
1983 2821 2395 2902 corn‘gendum
2417 2866 2437 2899 ,
2481 2824 2776 2902 corrigam
2797 2865 2814 2894 ,
2858 2822 2968 2881 sed
3017 2821 3263 2883 libnm‘t‘
3297 2840 3502 2880 manu.
3587 2820 3752 2881 Nam
3794 2825 3941 2884 mihi
3982 2844 4118 2885 ma·

928 2954 1038 2993 mas
1086 2934 1339 2994 deaetera
1388 2935 1688 2995 doloribus
1741 2956 1860 2996 non
1902 2935 2313 2996 medeba-tibus.
2397 2936 2597 2996 Maius
2634 2946 2771 3016 post
2813 2935 3205 2995 mediocribus
3248 2935 3326 2995 de
3351 2954 3465 2994 suo
3517 2934 3752 2997 addidit
3784 2950 4084 3021 torquetur
4102 2984 4117 3009 ,

930 3048 1157 3108 scilicet
1213 3069 1291 3108 ne
1331 3047 1589 3108 verbum
1640 3047 1909 3125 deesset3
1956 3048 2388 3126 Heindorfius,
2431 3049 2586 3109 bene
2626 3048 2932 3121 iudicans,
2978 3047 3132 3109 illud
3178 3048 3431 3109 dextera
3484 3049 3665 3108 nimis
3704 3052 3967 3110 otiosum
4025 3052 4122 3114 hic

923 3183 1050 3223 esse
1069 3209 1085 3236 ‚
1138 3166 1201 3223 in
1263 3164 1390 3225 eius
1431 3161 1635 3224 locum
1661 3175 1975 3224 exememr
2015 3163 2326 3225 substituit
2360 3166 2563 3227 minius
2601 3162 2877 3225 feliciter.
2965 3164 3216 3242 Scripsit
3259 3163 3421 3222 enim
3455 3161 3618 3221 haud
3664 3161 3849 3223 dubie
3880 3187 3897 3223 ε
3948 3164 4112 3224 Nam

926 3280 1078 3337 milei
1109 3300 1321 3338 manus
1352 3299 1561 3339 vexa
1581 3292 1659 3339 tu
1676 3298 1715 3339 r
1747 3277 2058 3339 doloribus
2095 3296 2216 3338 non
2257 3278 2645 3339 mediocribus
2663 3323 2683 3355 ,
2725 3278 2916 3339 verbo
2950 3279 3012 3338 in
3045 3274 3151 3337 tali
3197 3296 3265 3335 re
3303 3294 3416 3335 nec
3460 3275 3759 3337 Frontoni
3801 3278 4110 3359 inusitato.

922 3391 1163 3451 Addam
1210 3391 1487 3452 similiter
1509 3402 1867 3471 corruptum
1908 3391 2111 3452 locum
2161 3412 2231 3452 ex
2270 3392 2520 3474 epistola
2559 3392 2729 3452 Libri
2773 3392 2887 3452 lv.
2928 3392 3008 3452 ad
3045 3392 3361 3451 Caesarem
3415 3402 3631 3451 octava
3655 3436 3673 3468 ,
3716 3391 3818 3451 ubi
3872 3394 4116 3453 Marcus

919 3525 1163 3586 sperare
1193 3491 1257 3566 se
1289 3504 1556 3567 scribens
1577 3549 1593 3576 ‚
1641 3503 1775 3564 fore
1807 3514 1879 3564 ut
1915 3506 2186 3588 magistri
2219 3519 2577 3588 conspectus
2608 3505 2840 3589 aliquid
2873 3505 3208 3566 valetudini
3245 3525 3389 3565 suae
3417 3506 3717 3583 conferat,
3761 3505 4069 3589 subiungit
4092 3528 4111 3566 ε

921 3620 1014 3691 εἰς
1055 3608 1288 3696 ὄμματ’
1327 3605 1518 3680 εὔνου
1565 3615 1777 3700 φωτὸς
1817 3617 2193 3698 ἐνβλέψεται
2230 3622 2322 3681 ait
2360 3611 2746 3700 Εὗρεπίδης,
2790 3634 2854 3682 ut
2889 3624 3125 3704 opinor.
3212 3620 3486 3681 Verbum
3533 3623 3628 3681 ait
3670 3621 3773 3680 bic
3821 3620 4029 3681 itidem
4075 3638 4120 3679 a

920 3737 1090 3795 Maio
1136 3737 1441 3796 intrusum
1498 3743 1609 3800 est.
1670 3734 2026 3795 Membrana
2068 3754 2143 3795 ea
2199 3743 2373 3815 parte
2395 3779 2414 3813 ,
2455 3745 2530 3796 ut
2573 3737 2843 3817 suspicor
2865 3779 2883 3811 ,
2929 3734 3170 3816 aliquot
3196 3733 3533 3797 litterarum
3576 3734 3857 3797 lacunam
3909 3739 4113 3799 traxit.

919 3842 1041 3910 Sed
1106 3848 1287 3911 fallor
1315 3895 1335 3929 ,
1379 3860 1485 3913 aut
1541 3870 1612 3910 ea
1653 3870 1963 3932 graecam,
2022 3869 2148 3910 non
2176 3845 2427 3910 latinam
2454 3895 2472 3925 ,
2529 3868 2750 3929 ‘vocem
2798 3848 2946 3911 olim
3007 3848 3380 3909 continebat.
3468 3850 3653 3926 Quod
3706 3869 3830 3931 quo
3875 3847 4110 3909 facilius

920 3965 1167 4030 credam
1194 4011 1212 4042 ,
1254 3966 1401 4027 facit
1441 3967 1571 4047 ipsa
1618 3967 1949 4026 sententiae
1986 3964 2355 4047 Euripideae
2396 3965 2749 4046 depravatio
2773 4008 2792 4040 ,
2840 3984 3023 4047 quam
3082 3965 3274 4025 miror
3318 3983 3356 4023 a
3402 3962 3567 4023 Maio
3636 3982 3764 4024 non
3828 3964 4107 4025 animad-

918 4099 1160 4141 versam
1243 4101 1393 4141 esse.
1482 4081 1757 4142 Verbum
1777 4124 1796 4157 ,
1855 4081 2019 4162 quod
2078 4082 2277 4142 Maius
2335 4081 2638 4162 supplevit
2659 4124 2677 4156 ,
2734 4089 2796 4139 et
2856 4078 3333 4139 commodiorem
3389 4087 3451 4143 et
3515 4079 3834 4139 certiorem
3901 4079 4107 4143 sedem

923 4193 1217 4268 habebit,
1290 4199 1340 4256 si
1397 4206 1560 4257 totns
1624 4196 1792 4257 locus
1856 4197 1941 4256 ita
2008 4194 2245 4276 legatur
2275 4216 2295 4255 ε
2379 4191 2480 4267 εἷς·
2518 4183 2744 4271 ὄμματ’
2787 4181 2977 4254 εὔνου
3049 4186 3258 4275 φωτὸς
3322 4191 3752 4270 ἐμβλέψαι
3831 4188 4103 4272 γλυκὺ

922 4304 1248 4392 Etm‘pt'cks
1286 4313 1444 4385 ait,
1490 4314 1726 4397 opinor.
1786 4311 2017 4371 Versus
2057 4321 2148 4370 est·
2180 4310 2310 4374 Ion.
2344 4307 2488 4391 744.
2521 4308 2602 4369 Η.
2663 4309 2872 4368 Restat
2929 4309 3110 4368 etiam
3169 4303 3336 4366 aliud
3377 4308 3665 4368 vitiorum
3699 4327 3887 4390 genus
3930 4307 4110 4389 longe

919 4424 1473 4505 fi-equentissimum
1500 4471 1518 4501 ,
1589 4426 1752 4508 quod
1795 4435 1865 4485 ut
1909 4427 1974 4484 in
2040 4424 2167 4486 sola
2216 4422 2557 4484 litterarum
2605 4422 3036 4503 depravatione
3106 4419 3370 4502 positum
3407 4431 3500 4481 est
3524 4464 3543 4497 ,
3594 4424 3680 4480 ita
3719 4422 4105 4502 perexiguam

920 4539 1284 4623 plerumque
1346 4541 1707 4603 emendandi
1770 4539 2193 4602 difficultatem
2254 4538 2463 4599 habet.
2543 4539 2640 4599 De
2709 4537 2915 4598 multis
2963 4556 3152 4617 pauca
3206 4537 3534 4617 proferam.
3619 4535 3749 4599 Ubi
3805 4552 3972 4596 nunc
4039 4535 4104 4597 in

923 4653 1173 4737 epistola
1209 4653 1568 4717 duodecima
1608 4654 1781 4718 Libri
1808 4656 1892 4717 V.
1932 4653 2013 4717 ad
2036 4655 2358 4716 Caesarem
2403 4650 2623 4736 legitur
2640 4674 2660 4712 ε
2723 4651 3036 4737 Quomodo
3075 4654 3360 4712 manseris
3389 4652 3593 4732 domi,
3639 4651 3861 4713 nescire
3901 4653 4095 4735 aspie,
