4592 5834
1894 663 1987 679 —-
2100 628 2396 698 15.ss

553 841 674 892 est.
718 824 1132 895 Niebuhrius
1182 841 1369 895 reete
1418 820 1698 921 quidem
1746 845 1903 917 opes
1955 846 2085 918 pm
2132 825 2369 917 inepto
2413 847 2569 916 spes
2597 822 2970 922 legendum
3019 822 3319 911 coniicit3
3370 784 3491 895 sed
3548 822 3736 920 quid,

558 974 835 1043 quaeso,
888 967 989 1017 est
1032 949 1223 1018 brevi
1269 948 1384 1017 die
1413 946 1449 1014 ι’
1508 945 1870 1016 Emendo:
1916 944 2109 1015 brevi
2153 944 2302 1013 dei
2319 971 2368 1013 n
2418 945 2842 1016 oeciderunt.

798 1190 1010 1261 Laud.
1066 1192 1121 1259 F
1126 1215 1255 1259 um.
1310 1217 1376 1286 p.
1407 1191 1571 1262 325.
1615 1186 1847 1260 Aliter
1896 1192 1971 1256 in
2022 1187 2451 1257 orationibus
2501 1190 2909 1272 iudiciariis,
2957 1191 3073 1262 ubi
3111 1189 3348 1260 sedulo
3401 1216 3741 1267 curamus,

555 1332 629 1383 ut
674 1316 1042 1409 pleraeque
1093 1320 1487 1383 sententiae
1531 1313 1771 1382 durius
1797 1310 2147 1381 interdum
2197 1328 2267 1379 et
2299 1317 2642 1381 incautius
2681 1314 3052 1407 finiantur.
3093 1313 3240 1385 Sed
3284 1330 3534 1382 eontra
3583 1319 3741 1382 istic

555 1437 1013 1506 laborandum
1062 1454 1214 1515 est,
1282 1461 1372 1505 ne
1444 1437 1611 1531 quid
1659 1440 2149 1505 inconcinnum
2202 1437 2309 1504 vel
2371 1438 2665 1505 hiulcum
2730 1441 3203 1534 relinquatur,-
3265 1442 3434 1531 quin
3491 1441 3745 1518 omnia,

557 1577 633 1628 ut
683 1566 758 1627 in
810 1566 1006 1629 tenui
1048 1577 1259 1637 veste,
1310 1566 1450 1629 'oris
1501 1542 1791 1629 deteatta
1832 1543 1903 1628 et
1954 1540 2351 1629 rev'imentis
2398 1566 2545 1628 sint
2592 1538 2841 1630 cineta.
2895 1563 3058 1648 Quis
3107 1562 3522 1631 Frontonem
3573 1560 3742 1629 adeo

556 1685 847 1777 ineptire
906 1682 1156 1765 credat,
1209 1702 1283 1752 ut
1332 1687 1402 1752 in
1453 1683 1750 1752 iudiciali
1804 1706 2150 1753 causarum
2197 1707 2445 1778 genere
2517 1707 2589 1752 se
2641 1682 3007 1755 admodum
3056 1683 3369 1751 laborare
3423 1681 3608 1749 dicat
3657 1682 3744 1750 de

557 1812 902 1875 incautius
940 1803 1282 1875 ‘finiendis
1342 1805 1737 1875 sententiis?
1797 1804 2048 1875 Procul
2112 1804 2320 1874 dubio
2393 1808 2710 1901 scripsit:
2785 1821 2860 1872 ut
2921 1804 3291 1898 pleraeque
3353 1808 3748 1871 sententiae

559 1930 800 1994 durius
850 1929 1199 1995 interdum
1258 1946 1327 1997 et
1390 1935 1482 1996 in
1506 1935 1762 1998 coniti
1779 1954 1909 2001 us.
1936 1928 2305 2021 finiantur.
2379 1928 2737 2024 Siquidem
2803 1926 3034 2023 plures
3103 1926 3265 1996 olim
3320 1943 3621 1996 oratores
3672 1927 3745 1993 in

559 2054 912 2145 asperitate
976 2050 1265 2145 quadam
1337 2050 1610 2120 dicendi
1683 2071 1749 2122 et
1810 2030 2114 2122 inornata
2164 2052 2654 2146 compositione
2721 2050 2851 2117 sibi
2905 2049 3304 2145 placebant:
3354 2048 3540 2143 quod
3594 2074 3746 2116 cum

557 2173 832 2241 aliunde
891 2191 1185 2256 constat,
1249 2192 1391 2242 tum
1452 2198 1532 2242 ex
1568 2173 1803 2245 Senec.
1840 2175 2051 2270 Epist.
2079 2170 2235 2245 114.
2286 2174 2667 2268 Utrumque
2700 2169 3101 2241 vocabulum
3155 2171 3502 2241 coniunxit
3548 2170 3752 2238 etiam

563 2293 950 2375 Quintilian.
980 2292 1166 2363 VIII.
1198 2291 1263 2363 6.
1303 2291 1447 2361 65.:
1495 2310 1756 2361 rectum
1797 2312 1987 2371 erat,
2036 2296 2162 2362 sed
2203 2294 2449 2364 durum
2500 2312 2569 2362 et
2622 2300 3010 2363 incomtum.

758 2532 967 2601 Laud.
1035 2531 1311 2625 Negleg.
1381 2558 1449 2626 p.
1492 2531 1654 2601 328.
1729 2532 2040 2625 Namque
2104 2534 2594 2625 neglegentiae
2657 2535 2846 2603 haud
2906 2541 3262 2629 quisquam
3320 2561 3745 2631 magnopere

559 2653 848 2722 insidias
898 2656 1126 2731 locat,
1176 2660 1628 2732 etistimans,
1679 2659 1889 2722 etiam
1953 2660 2105 2722 sine
2170 2654 2441 2723 insidiis
2507 2680 2773 2751 semper
2830 2674 2898 2725 et
2966 2657 3212 2753 ubique
3260 2676 3328 2726 et
3373 2658 3490 2727 nbi
3536 2658 3748 2728 libeat

555 2776 1047 2868 neglegentem
1089 2774 1436 2843 hominem
1481 2780 1554 2843 in
1594 2775 1887 2868 proclivi
1914 2780 2097 2866 fore
2127 2780 2402 2868 fallere
2438 2807 2456 2846 .·
2508 2779 2837 2849 adversus
2881 2780 3255 2887 gliligentes
3303 2806 3461 2851 vero
3512 2802 3584 2851 et
3613 2791 3751 2852 cir-

558 2916 976 2992 cumspectos
1048 2915 1119 2966 et
1182 2900 1617 2968 exsultantes
1680 2899 1918 2993 opibus
1970 2902 2283 2990 fraudes
2349 2920 2418 2971 et
2472 2910 2828 2997 captiones
2891 2924 2960 2973 et
3023 2905 3320 2973 insidiae
3380 2925 3750 2999 parantur.

558 3017 874 3085 Offendat
923 3042 1202 3087 necesse
1254 3038 1355 3086 est
1396 3021 1466 3085 in
1508 3019 1701 3089 verb.
1753 3023 2183 3092 exsultantes
2224 3024 2503 3118 opibus,
2566 3027 2872 3121 quisquis
2924 3045 3232 3098 accurate
3283 3026 3516 3124 legere
3568 3027 3750 3097 didi-

559 3141 668 3209 cit.
769 3137 954 3207 Nihil
1010 3142 1189 3209 enim
1241 3143 1311 3207 in
1360 3140 1443 3207 iis
1493 3139 1701 3221 inest,
1769 3139 1959 3235 quod
2019 3142 2467 3238 negligentiae
2512 3149 2597 3215 sit
2671 3151 3117 3233 contrarium,
3170 3149 3371 3244 quale
3417 3151 3549 3218 hoo
3593 3150 3747 3221 loco

557 3259 1007 3331 desideratur.
1115 3260 1241 3328 Cui
1319 3258 1753 3330 incommodo
1811 3263 2009 3333 facile
2057 3264 2450 3337 medebitur
2516 3272 2903 3339 coniectura
2967 3291 3236 3341 nostra:
3289 3271 3750 3341 excuban-

557 3400 691 3451 tes
743 3382 995 3475 opibus.
1034 3470 1039 3475 .
1099 3381 1454 3452 simillime
1497 3385 1747 3453 Lucan.
1797 3385 1914 3454 IX.
1961 3386 2161 3461 909.:
2224 3392 2375 3461 Nec
2422 3392 2640 3459 solum
2687 3418 2866 3489 gens
2916 3393 3037 3461 illa
3084 3418 3213 3463 sua
3255 3412 3589 3464 contenta
3638 3421 3751 3463 sa—

556 3508 724 3584 lute,
776 3488 1101 3576 Excubat
1150 3506 1552 3602 hospitibus,
1618 3508 1692 3579 id
1746 3527 1881 3592 est,
1926 3536 2056 3609 pro
2121 3513 2519 3612 hospitibus.
2587 3515 2746 3587 vid.
2790 3517 3173 3592 Markland.
3224 3517 3313 3589 ad
3366 3519 3526 3591 Stat.
3583 3519 3749 3594 silv.

556 3632 637 3701 11.
665 3637 728 3704 7.
765 3637 797 3702 1
816 3633 933 3705 30.

674 3734 715 3777 ο
